<record><leader>00000cas a22000007a 4500</leader><controlfield tag="001">17358831</controlfield><controlfield tag="008">880119d18831918ohuwr ne      0    0eng d</controlfield><datafield ind1=" " ind2=" " tag="010"><subfield code="a">sn 88078205 </subfield></datafield><datafield ind1=" " ind2=" " tag="040"><subfield code="a">ONP</subfield><subfield code="b">eng</subfield><subfield code="c">ONP</subfield><subfield code="d">NPV</subfield><subfield code="d">DLC</subfield><subfield code="d">OCL</subfield><subfield code="d">OCLCQ</subfield></datafield><datafield ind1=" " ind2=" " tag="019"><subfield code="a">17358751</subfield></datafield><datafield ind1=" " ind2=" " tag="042"><subfield code="a">msc</subfield></datafield><datafield ind1="0" ind2=" " tag="130"><subfield code="a">Sunday news (Zanesville, Ohio)</subfield></datafield><datafield ind1="1" ind2="4" tag="245"><subfield code="a">The Sunday news.</subfield></datafield><datafield ind1=" " ind2=" " tag="260"><subfield code="a">Zanesville, Ohio :</subfield><subfield code="b">News Co.</subfield></datafield><datafield ind1=" " ind2=" " tag="300"><subfield code="a">v.</subfield></datafield><datafield ind1=" " ind2=" " tag="310"><subfield code="a">Weekly</subfield></datafield><datafield ind1="1" ind2=" " tag="362"><subfield code="a">Began in July 1883; ceased in July 1918?</subfield></datafield><datafield ind1=" " ind2=" " tag="515"><subfield code="a">Suspended publication: Nov. 1894-July 1898.</subfield></datafield><datafield ind1=" " ind2=" " tag="588"><subfield code="a">Description based on: 4th year, no. 159 (Aug. 8, 1886).</subfield></datafield><datafield ind1=" " ind2=" " tag="752"><subfield code="a">United States</subfield><subfield code="b">Ohio</subfield><subfield code="c">Muskingum</subfield><subfield code="d">Zanesville.</subfield></datafield><datafield ind1="0" ind2="0" tag="780"><subfield code="t">Sunday morning news</subfield><subfield code="w">(DLC)sn 88086140</subfield></datafield></record>